<?xml version="1.0" encoding="UTF-8"?><collection xmlns="http://www.loc.gov/MARC21/slim"><record><leader>00397nam--2200121-i-4500</leader><controlfield tag="001">000028991</controlfield><controlfield tag="002">20161230</controlfield><controlfield tag="005">20161230201037</controlfield><controlfield tag="008">060222s1000------------r-----000-0-eng-d</controlfield><datafield ind1=" " ind2=" " tag="245"><subfield code="a">Laboratory experiments with radioisotopes for high school science demonstrations.ed. by s. schenberg, reviewd by, harley</subfield></datafield><datafield ind1=" " ind2=" " tag="260"><subfield code="a">New York, Usa Atomic Energy Comm, 1953. 52p</subfield></datafield><datafield ind1=" " ind2=" " tag="700"><subfield code="a">Schenberg, S</subfield></datafield><datafield ind1=" " ind2=" " tag="852"><subfield code="a">11104</subfield></datafield></record></collection>